%YAML 1.1
%TAG !u! tag:unity3d.com,2011:
--- !u!1 &1091180254236382263
GameObject:
  m_ObjectHideFlags: 0
  m_CorrespondingSourceObject: {fileID: 0}
  m_PrefabInstance: {fileID: 0}
  m_PrefabAsset: {fileID: 0}
  serializedVersion: 6
  m_Component:
  - component: {fileID: 3550446472771780845}
  - component: {fileID: 3416007165867461376}
  - component: {fileID: 4425076621090390856}
  - component: {fileID: 1041540048969991423}
  - component: {fileID: 301313476166668255}
  m_Layer: 12
  m_Name: Item
  m_TagString: Untagged
  m_Icon: {fileID: 0}
  m_NavMeshLayer: 0
  m_StaticEditorFlags: 0
  m_IsActive: 1
--- !u!4 &3550446472771780845
Transform:
  m_ObjectHideFlags: 0
  m_CorrespondingSourceObject: {fileID: 0}
  m_PrefabInstance: {fileID: 0}
  m_PrefabAsset: {fileID: 0}
  m_GameObject: {fileID: 1091180254236382263}
  m_LocalRotation: {x: 0.38268343, y: 0, z: 0, w: 0.92387956}
  m_LocalPosition: {x: 0, y: 0, z: 0}
  m_LocalScale: {x: 0.5, y: 0.5, z: 0.5}
  m_Children: []
  m_Father: {fileID: 0}
  m_RootOrder: 0
  m_LocalEulerAnglesHint: {x: 45, y: 0, z: 0}
--- !u!212 &3416007165867461376
SpriteRenderer:
  m_ObjectHideFlags: 0
  m_CorrespondingSourceObject: {fileID: 0}
  m_PrefabInstance: {fileID: 0}
  m_PrefabAsset: {fileID: 0}
  m_GameObject: {fileID: 1091180254236382263}
  m_Enabled: 1
  m_CastShadows: 0
  m_ReceiveShadows: 0
  m_DynamicOccludee: 1
  m_MotionVectors: 1
  m_LightProbeUsage: 1
  m_ReflectionProbeUsage: 1
  m_RayTracingMode: 0
  m_RayTraceProcedural: 0
  m_RenderingLayerMask: 1
  m_RendererPriority: 0
  m_Materials:
  - {fileID: 10754, guid: 0000000000000000f000000000000000, type: 0}
  m_StaticBatchInfo:
    firstSubMesh: 0
    subMeshCount: 0
  m_StaticBatchRoot: {fileID: 0}
  m_ProbeAnchor: {fileID: 0}
  m_LightProbeVolumeOverride: {fileID: 0}
  m_ScaleInLightmap: 1
  m_ReceiveGI: 1
  m_PreserveUVs: 0
  m_IgnoreNormalsForChartDetection: 0
  m_ImportantGI: 0
  m_StitchLightmapSeams: 1
  m_SelectedEditorRenderState: 0
  m_MinimumChartSize: 4
  m_AutoUVMaxDistance: 0.5
  m_AutoUVMaxAngle: 89
  m_LightmapParameters: {fileID: 0}
  m_SortingLayerID: 0
  m_SortingLayer: 0
  m_SortingOrder: 30
  m_Sprite: {fileID: 21300000, guid: 274a3c60b4aabf947806f88f97d2cc08, type: 3}
  m_Color: {r: 1, g: 0.8746815, b: 0, a: 1}
  m_FlipX: 0
  m_FlipY: 0
  m_DrawMode: 0
  m_Size: {x: 5, y: 5}
  m_AdaptiveModeThreshold: 0.5
  m_SpriteTileMode: 0
  m_WasSpriteAssigned: 1
  m_MaskInteraction: 0
  m_SpriteSortPoint: 0
--- !u!65 &4425076621090390856
BoxCollider:
  m_ObjectHideFlags: 0
  m_CorrespondingSourceObject: {fileID: 0}
  m_PrefabInstance: {fileID: 0}
  m_PrefabAsset: {fileID: 0}
  m_GameObject: {fileID: 1091180254236382263}
  m_Material: {fileID: 0}
  m_IsTrigger: 1
  m_Enabled: 1
  serializedVersion: 2
  m_Size: {x: 0.75, y: 0.75, z: 1}
  m_Center: {x: 0, y: 0, z: 0}
--- !u!54 &1041540048969991423
Rigidbody:
  m_ObjectHideFlags: 0
  m_CorrespondingSourceObject: {fileID: 0}
  m_PrefabInstance: {fileID: 0}
  m_PrefabAsset: {fileID: 0}
  m_GameObject: {fileID: 1091180254236382263}
  serializedVersion: 2
  m_Mass: 1
  m_Drag: 3
  m_AngularDrag: 3
  m_UseGravity: 0
  m_IsKinematic: 0
  m_Interpolate: 0
  m_Constraints: 116
  m_CollisionDetection: 0
--- !u!114 &301313476166668255
MonoBehaviour:
  m_ObjectHideFlags: 0
  m_CorrespondingSourceObject: {fileID: 0}
  m_PrefabInstance: {fileID: 0}
  m_PrefabAsset: {fileID: 0}
  m_GameObject: {fileID: 1091180254236382263}
  m_Enabled: 1
  m_EditorHideFlags: 0
  m_Script: {fileID: 11500000, guid: ed27d6adbc5710c4c841c6f4ca1b3c29, type: 3}
  m_Name: 
  m_EditorClassIdentifier: 
  itemList:
  - {fileID: 11400000, guid: ef0e7bc2f0af6694bb4c0a93a6e87103, type: 2}
  - {fileID: 11400000, guid: a0565fdf772bf9142b941351c7288513, type: 2}
  - {fileID: 11400000, guid: 90329a768a6a5334c82d4f1e4efa60a3, type: 2}
  - {fileID: 11400000, guid: 4e347a654601cd14e8427e9ea9c9ebc5, type: 2}
  - {fileID: 11400000, guid: 0c30ef1500d0928468f40432260f27e9, type: 2}
  - {fileID: 11400000, guid: 1b003342e114e694898f1d13d2647306, type: 2}
  - {fileID: 11400000, guid: 8fbcc88b50266fb41aa8094b6d1b011d, type: 2}
  - {fileID: 11400000, guid: 6b92a9613c3381c48a0b3e7f3acf3ba1, type: 2}
